@inproceedings{wadiff,
  author       = {Shiyao Zhou and
                  Muhui Jiang and
                  Weimin Chen and
                  Hao Zhou and
                  Haoyu Wang and
                  Xiapu Luo},
  title        = {{WADIFF:} {A} Differential Testing Framework for WebAssembly Runtimes},
  booktitle    = {38th {IEEE/ACM} International Conference on Automated Software Engineering,
                  {ASE} 2023, Luxembourg, September 11-15, 2023},
  pages        = {939--950},
  publisher    = {{IEEE}},
  year         = {2023},
  url          = {https://doi.org/10.1109/ASE56229.2023.00188},
  doi          = {10.1109/ASE56229.2023.00188},
  timestamp    = {Thu, 16 Nov 2023 09:03:51 +0100},
  biburl       = {https://dblp.org/rec/conf/kbse/ZhouJCZWL23.bib},
  bibsource    = {dblp computer science bibliography, https://dblp.org}
}
